<record><leader>00000cas a22000007a 4500</leader><controlfield tag="001">11180852</controlfield><controlfield tag="008">840921d18671868mtuir ne      0    0eng d</controlfield><datafield ind1=" " ind2=" " tag="010"><subfield code="a">sn 84038132 </subfield><subfield code="z">sn 84027516 </subfield></datafield><datafield ind1=" " ind2=" " tag="040"><subfield code="a">NPX</subfield><subfield code="b">eng</subfield><subfield code="c">NPX</subfield><subfield code="d">DLC</subfield><subfield code="d">MTL</subfield><subfield code="d">DLC</subfield><subfield code="d">OCL</subfield><subfield code="d">ANU</subfield><subfield code="d">CNK</subfield><subfield code="d">OCLCQ</subfield><subfield code="d">DLC</subfield><subfield code="d">OCLCF</subfield><subfield code="d">OCLCO</subfield></datafield><datafield ind1=" " ind2=" " tag="019"><subfield code="a">11193694</subfield></datafield><datafield ind1="1" ind2=" " tag="029"><subfield code="a">AU@</subfield><subfield code="b">000025818814</subfield></datafield><datafield ind1=" " ind2=" " tag="042"><subfield code="a">msc</subfield></datafield><datafield ind1="0" ind2="0" tag="050"><subfield code="a">Newspaper</subfield></datafield><datafield ind1="0" ind2="4" tag="245"><subfield code="a">The Virginia tri-weekly post.</subfield></datafield><datafield ind1="3" ind2="0" tag="246"><subfield code="a">Tri-weekly post--Helena edition</subfield></datafield><datafield ind1=" " ind2=" " tag="260"><subfield code="a">Virginia City and Helena, Mont. :</subfield><subfield code="b">D.W. Tilton &amp; Co.,</subfield><subfield code="c">1867-1868.</subfield></datafield><datafield ind1=" " ind2=" " tag="300"><subfield code="a">2 v. :</subfield><subfield code="b">ill. (chiefly ads.) ;</subfield><subfield code="c">55 cm.</subfield></datafield><datafield ind1=" " ind2=" " tag="310"><subfield code="a">Triweekly</subfield></datafield><datafield ind1="0" ind2=" " tag="362"><subfield code="a">Vol. 1, no. 120 (July 6, 1867)-v. 2, no. 78 (Mar. 28, 1868).</subfield></datafield><datafield ind1=" " ind2=" " tag="580"><subfield code="a">Other ed. available: Montana post (Virginia City, Mont. : 1864).</subfield></datafield><datafield ind1=" " ind2="0" tag="651"><subfield code="a">Virginia City (Mont.)</subfield><subfield code="v">Newspapers.</subfield></datafield><datafield ind1=" " ind2="0" tag="651"><subfield code="a">Helena (Mont.)</subfield><subfield code="v">Newspapers.</subfield></datafield><datafield ind1=" " ind2="7" tag="655"><subfield code="a">Newspapers.</subfield><subfield code="2">fast</subfield><subfield code="0">(OCoLC)fst01423814</subfield></datafield><datafield ind1=" " ind2="7" tag="651"><subfield code="a">Montana</subfield><subfield code="z">Helena.</subfield><subfield code="2">fast</subfield><subfield code="0">(OCoLC)fst01207480</subfield></datafield><datafield ind1=" " ind2="7" tag="651"><subfield code="a">Montana</subfield><subfield code="z">Virginia City.</subfield><subfield code="2">fast</subfield><subfield code="0">(OCoLC)fst01251119</subfield></datafield><datafield ind1=" " ind2=" " tag="752"><subfield code="a">United States</subfield><subfield code="b">Montana</subfield><subfield code="c">Madison</subfield><subfield code="d">Virginia City.</subfield></datafield><datafield ind1=" " ind2=" " tag="752"><subfield code="a">United States</subfield><subfield code="b">Montana</subfield><subfield code="c">Lewis and Clark</subfield><subfield code="d">Helena.</subfield></datafield><datafield ind1="1" ind2=" " tag="775"><subfield code="t">Montana post (Virginia City, Mont. : 1864)</subfield><subfield code="x">2158-8953</subfield><subfield code="w">(DLC)sn 83025293</subfield><subfield code="w">(OCoLC)9370618</subfield></datafield><datafield ind1="0" ind2="0" tag="780"><subfield code="t">Tri-weekly post (Virginia City, Mont.)</subfield><subfield code="w">(DLC)sn 84024809</subfield></datafield><datafield ind1="0" ind2="0" tag="785"><subfield code="t">Daily Montana post</subfield><subfield code="w">(DLC)sn 85053066</subfield></datafield></record>